@article{N-BEATS,
  author    = {Boris N. Oreshkin and
               Dmitri Carpov and
               Nicolas Chapados and
               Yoshua Bengio},
  title     = {{N-BEATS:} Neural basis expansion analysis for interpretable time
               series forecasting},
  journal   = {CoRR},
  volume    = {abs/1905.10437},
  year      = {2019},
  url       = {http://arxiv.org/abs/1905.10437},
  archivePrefix = {arXiv},
  eprint    = {1905.10437},
  timestamp = {Mon, 03 Jun 2019 13:42:33 +0200},
  biburl    = {https://dblp.org/rec/bib/journals/corr/abs-1905-10437},
  bibsource = {dblp computer science bibliography, https://dblp.org}
}
@article{ES-RNN,
  author    = {Andrew Redd and
               Kaung Khin and
               Aldo Marini},
  title     = {Fast {ES-RNN:} {A} {GPU} Implementation of the {ES-RNN} Algorithm},
  journal   = {CoRR},
  volume    = {abs/1907.03329},
  year      = {2019},
  url       = {http://arxiv.org/abs/1907.03329},
  archivePrefix = {arXiv},
  eprint    = {1907.03329},
  timestamp = {Wed, 17 Jul 2019 10:27:36 +0200},
  biburl    = {https://dblp.org/rec/bib/journals/corr/abs-1907-03329},
  bibsource = {dblp computer science bibliography, https://dblp.org}
}
@article{NeuralDecomposition ,
  author    = {Luke B. Godfrey and
               Michael S. Gashler},
  title     = {Neural Decomposition of Time-Series Data for Effective Generalization},
  journal   = {CoRR},
  volume    = {abs/1705.09137},
  year      = {2017},
  url       = {http://arxiv.org/abs/1705.09137},
  archivePrefix = {arXiv},
  eprint    = {1705.09137},
  timestamp = {Mon, 13 Aug 2018 16:48:04 +0200},
  biburl    = {https://dblp.org/rec/bib/journals/corr/GodfreyG17},
  bibsource = {dblp computer science bibliography, https://dblp.org}
}
@article{Franceschi,
  author    = {Franceschi and others},
  title     = {Unsupervised Scalable Representation Learning for Multivariate Time
               Series},
  journal   = {CoRR},
  volume    = {abs/1901.10738},
  year      = {2019},
  url       = {http://arxiv.org/abs/1901.10738},
  archivePrefix = {arXiv},
  eprint    = {1901.10738},
  timestamp = {Sun, 03 Feb 2019 14:23:05 +0100},
  biburl    = {https://dblp.org/rec/bib/journals/corr/abs-1901-10738},
  bibsource = {dblp computer science bibliography, https://dblp.org}
}
@article{ GRUODEBayes,
  author    = {Edward De Brouwer and
               Jaak Simm and
               Adam Arany and
               Yves Moreau},
  title     = {GRU-ODE-Bayes: Continuous modeling of sporadically-observed time series},
  journal   = {CoRR},
  volume    = {abs/1905.12374},
  year      = {2019},
  url       = {http://arxiv.org/abs/1905.12374},
  archivePrefix = {arXiv},
  eprint    = {1905.12374},
  timestamp = {Mon, 03 Jun 2019 13:42:33 +0200},
  biburl    = {https://dblp.org/rec/bib/journals/corr/abs-1905-12374},
  bibsource = {dblp computer science bibliography, https://dblp.org}
}




